<record><leader>00000cas a22000007a 4500</leader><controlfield tag="001">14441003</controlfield><controlfield tag="008">861020d18731928pauwr ne      0    0eng d</controlfield><datafield ind1=" " ind2=" " tag="010"><subfield code="a">sn 86053804 </subfield></datafield><datafield ind1=" " ind2=" " tag="040"><subfield code="a">NPX</subfield><subfield code="b">eng</subfield><subfield code="c">NPX</subfield><subfield code="d">NPH</subfield><subfield code="d">NSD</subfield><subfield code="d">OCLCQ</subfield></datafield><datafield ind1=" " ind2=" " tag="042"><subfield code="a">msc</subfield></datafield><datafield ind1="0" ind2=" " tag="130"><subfield code="a">Sun (North East, Pa.)</subfield></datafield><datafield ind1="1" ind2="4" tag="245"><subfield code="a">The sun.</subfield></datafield><datafield ind1="1" ind2="3" tag="246"><subfield code="a">North East sun</subfield></datafield><datafield ind1=" " ind2=" " tag="260"><subfield code="a">North East, Pa. :</subfield><subfield code="b">Cushman Bros.</subfield></datafield><datafield ind1=" " ind2=" " tag="300"><subfield code="a">v. :</subfield><subfield code="b">ill. ;</subfield><subfield code="c">61 cm.</subfield></datafield><datafield ind1=" " ind2=" " tag="310"><subfield code="a">Weekly</subfield></datafield><datafield ind1="1" ind2=" " tag="362"><subfield code="a">Began in Mar. 1873.</subfield><subfield code="z">Cf. Hist. of Erie Co., Pa., 1884.</subfield></datafield><datafield ind1="1" ind2=" " tag="362"><subfield code="a">Ceased in 1928?</subfield><subfield code="z">Cf. Rossell, G.E. Pa. newspapers.</subfield></datafield><datafield ind1=" " ind2=" " tag="500"><subfield code="a">Publisher's name recorded in Rowell, 1875, 1877.</subfield></datafield><datafield ind1=" " ind2=" " tag="500"><subfield code="a">"Republican," &lt;1876&gt;.</subfield></datafield><datafield ind1=" " ind2=" " tag="580"><subfield code="a">Continues: North East star. Cf. Hist. of Erie Co., Pa., 1884.</subfield></datafield><datafield ind1=" " ind2=" " tag="588"><subfield code="a">Description based on: Vol. 8, no. 5 (Oct. 23, 1875).</subfield></datafield><datafield ind1=" " ind2=" " tag="752"><subfield code="a">United States</subfield><subfield code="b">Pennsylvania</subfield><subfield code="c">Erie</subfield><subfield code="d">North East.</subfield></datafield><datafield ind1="1" ind2="0" tag="780"><subfield code="t">North East star</subfield><subfield code="w">(DLC)sn 88079540</subfield></datafield><datafield ind1="0" ind2="7" tag="785"><subfield code="t">North East breeze and advertiser</subfield><subfield code="w">(DLC)sn 88079539</subfield></datafield><datafield ind1="0" ind2="7" tag="785"><subfield code="t">North East breeze (North East, Pa. : 1928)</subfield><subfield code="x">1041-7079</subfield><subfield code="w">(DLC)sn 88079541</subfield></datafield><datafield ind1="1" ind2=" " tag="029"><subfield code="a">AU@</subfield><subfield code="b">000025795631</subfield></datafield></record>